
@misc{ildg-organization,
    title = {Organization of ILDG activities},
    author = {International Lattice Data Grid},
    howpublished = {\url{https://hpc.desy.de/ildg/organization/}},
    note = {Accessed 2024-08-06}
}
